
%Aigaion2 BibTeX export from LISA - Publications
%Monday 19 August 2013 10:51:11 PM

@incollection{attentionhistory2010,
title = {Learning to combine foveal glimpses with a third-order Boltzmann machine},
author = {Larochelle, Hugo and Hinton, Geoffrey E},
booktitle = {Advances in Neural Information Processing Systems 23},
editor = {J. D. Lafferty and C. K. I. Williams and J. Shawe-Taylor and R. S. Zemel and A. Culotta},
pages = {1243--1251},
year = {2010},
publisher = {Curran Associates, Inc.},
url = {http://papers.nips.cc/paper/4089-learning-to-combine-foveal-glimpses-with-a-third-order-boltzmann-machine.pdf}
}

@article{attentionhistory2011,
  author    = {Misha Denil and
               Loris Bazzani and
               Hugo Larochelle and
               Nando de Freitas},
  title     = {Learning where to Attend with Deep Architectures for Image Tracking},
  journal   = {CoRR},
  volume    = {abs/1109.3737},
  year      = {2011},
  url       = {http://arxiv.org/abs/1109.3737},
  archivePrefix = {arXiv},
  eprint    = {1109.3737},
  biburl    = {https://dblp.org/rec/bib/journals/corr/abs-1109-3737},
  bibsource = {dblp computer science bibliography, https://dblp.org}
}

@article{showattendandtellXu2015,
  author    = {Kelvin Xu and
               Jimmy Ba and
               Ryan Kiros and
               Kyunghyun Cho and
               Aaron C. Courville and
               Ruslan Salakhutdinov and
               Richard S. Zemel and
               Yoshua Bengio},
  title     = {Show, Attend and Tell: Neural Image Caption Generation with Visual
               Attention},
  journal   = {CoRR},
  volume    = {abs/1502.03044},
  year      = {2015},
  url       = {http://arxiv.org/abs/1502.03044},
  archivePrefix = {arXiv},
  eprint    = {1502.03044},
  timestamp = {Wed, 07 Jun 2017 14:43:05 +0200},
  biburl    = {https://dblp.org/rec/bib/journals/corr/XuBKCCSZB15},
  bibsource = {dblp computer science bibliography, https://dblp.org}
}

@article{attentionThangLuong2015,
  author    = {Minh{-}Thang Luong and
               Hieu Pham and
               Christopher D. Manning},
  title     = {Effective Approaches to Attention-based Neural Machine Translation},
  journal   = {CoRR},
  volume    = {abs/1508.04025},
  year      = {2015},
  url       = {http://arxiv.org/abs/1508.04025},
  archivePrefix = {arXiv},
  eprint    = {1508.04025},
  timestamp = {Wed, 07 Jun 2017 14:41:36 +0200},
  biburl    = {https://dblp.org/rec/bib/journals/corr/LuongPM15},
  bibsource = {dblp computer science bibliography, https://dblp.org}
}

@inproceedings{smtKoehn2003,
 author = {Koehn, Philipp and Och, Franz Josef and Marcu, Daniel},
 title = {Statistical Phrase-based Translation},
 booktitle = {Proceedings of the 2003 Conference of the North American Chapter of the Association for Computational Linguistics on Human Language Technology - Volume 1},
 series = {NAACL '03},
 year = {2003},
 location = {Edmonton, Canada},
 pages = {48--54},
 numpages = {7},
 url = {https://doi.org/10.3115/1073445.1073462},
 doi = {10.3115/1073445.1073462},
 acmid = {1073462},
 publisher = {Association for Computational Linguistics},
 address = {Stroudsburg, PA, USA},
}

@article{pytorchworkshop,
  title={Automatic differentiation in PyTorch},
  author={Paszke, Adam and Gross, Sam and Chintala, Soumith and Chanan, Gregory and Yang, Edward and DeVito, Zachary and Lin, Zeming and Desmaison, Alban and Antiga, Luca and Lerer, Adam},
  year={2017}
}

@inproceedings{BLEUpaper,
 author = {Papineni, Kishore and Roukos, Salim and Ward, Todd and Zhu, Wei-Jing},
 title = {BLEU: A Method for Automatic Evaluation of Machine Translation},
 booktitle = {Proceedings of the 40th Annual Meeting on Association for Computational Linguistics},
 series = {ACL '02},
 year = {2002},
 location = {Philadelphia, Pennsylvania},
 pages = {311--318},
 numpages = {8},
 url = {https://doi.org/10.3115/1073083.1073135},
 doi = {10.3115/1073083.1073135},
 acmid = {1073135},
 publisher = {Association for Computational Linguistics},
 address = {Stroudsburg, PA, USA},
}

@article{JeanUnkRepl,
  author    = {S{\'{e}}bastien Jean and
               Kyunghyun Cho and
               Roland Memisevic and
               Yoshua Bengio},
  title     = {On Using Very Large Target Vocabulary for Neural Machine Translation},
  journal   = {CoRR},
  volume    = {abs/1412.2007},
  year      = {2014},
  url       = {http://arxiv.org/abs/1412.2007},
  archivePrefix = {arXiv},
  eprint    = {1412.2007},
  timestamp = {Wed, 07 Jun 2017 14:40:20 +0200},
  biburl    = {https://dblp.org/rec/bib/journals/corr/JeanCMB14},
  bibsource = {dblp computer science bibliography, https://dblp.org}
}

@online{StanfordNMT,
  author = {The Stanford Natural Language Processing Group},
  title = {Neural Machine Translation},
  year = 2015,
  url = {https://nlp.stanford.edu/projects/nmt/},
}

@article{Seq2Seq2014,
  author    = {Ilya Sutskever and
               Oriol Vinyals and
               Quoc V. Le},
  title     = {Sequence to Sequence Learning with Neural Networks},
  journal   = {CoRR},
  volume    = {abs/1409.3215},
  year      = {2014},
  url       = {http://arxiv.org/abs/1409.3215},
  archivePrefix = {arXiv},
  eprint    = {1409.3215},
  timestamp = {Wed, 07 Jun 2017 14:40:10 +0200},
  biburl    = {https://dblp.org/rec/bib/journals/corr/SutskeverVL14},
  bibsource = {dblp computer science bibliography, https://dblp.org}
}

% Trung------------------------------------------------------------------------------

@InProceedings{kalchbrennerBlunsom,
  author    = {Kalchbrenner, Nal  and  Blunsom, Phil},
  title     = {Recurrent Continuous Translation Models},
  booktitle = {Proceedings of the 2013 Conference on Empirical Methods in Natural Language Processing},
  month     = {October},
  year      = {2013},
  address   = {Seattle, Washington, USA},
  publisher = {Association for Computational Linguistics},
  pages     = {1700--1709},
  url       = {http://www.aclweb.org/anthology/D13-1176}
}

@InProceedings{cho,
  author    = {Cho, Kyunghyun  and  van Merrienboer, Bart  and  Gulcehre, Caglar  and  Bahdanau, Dzmitry  and  Bougares, Fethi  and  Schwenk, Holger  and  Bengio, Yoshua},
  title     = {Learning Phrase Representations using RNN Encoder--Decoder for Statistical Machine Translation},
  booktitle = {Proceedings of the 2014 Conference on Empirical Methods in Natural Language Processing (EMNLP)},
  month     = {October},
  year      = {2014},
  address   = {Doha, Qatar},
  publisher = {Association for Computational Linguistics},
  pages     = {1724--1734},
  url       = {http://www.aclweb.org/anthology/D14-1179}
}

@article{pascanu2011,
  author    = {Razvan Pascanu and
               Tomas Mikolov and
               Yoshua Bengio},
  title     = {Understanding the exploding gradient problem},
  journal   = {CoRR},
  volume    = {abs/1211.5063},
  year      = {2012},
  url       = {http://arxiv.org/abs/1211.5063},
  archivePrefix = {arXiv},
  eprint    = {1211.5063},
  timestamp = {Wed, 07 Jun 2017 14:40:40 +0200},
  biburl    = {https://dblp.org/rec/bib/journals/corr/abs-1211-5063},
  bibsource = {dblp computer science bibliography, https://dblp.org}
}

@MISC{hutchins,
    author = {W. John Hutchins},
    title = {Machine translation: A concise history},
    year = {2007}
}


@article{elman1990,
title = "Finding structure in time",
journal = "Cognitive Science",
volume = "14",
number = "2",
pages = "179 - 211",
year = "1990",
issn = "0364-0213",
doi = "https://doi.org/10.1016/0364-0213(90)90002-E",
url = "http://www.sciencedirect.com/science/article/pii/036402139090002E",
author = "Jeffrey L. Elman"
}

@inproceedings{mikolovLM,
  added-at = {2015-04-09T00:00:00.000+0200},
  author = {Mikolov, Tomas and Karafiát, Martin and Burget, Lukás and Cernocký, Jan and Khudanpur, Sanjeev},
  biburl = {https://www.bibsonomy.org/bibtex/2aee1e280d06e82474b17c4996aaea076/dblp},
  booktitle = {INTERSPEECH},
  crossref = {conf/interspeech/2010},
  editor = {Kobayashi, Takao and Hirose, Keikichi and Nakamura, Satoshi},
  ee = {http://www.isca-speech.org/archive/interspeech_2010/i10_1045.html},
  interhash = {9cabdcef2ed097906bff2cb7a327e61e},
  intrahash = {aee1e280d06e82474b17c4996aaea076},
  keywords = {dblp},
  pages = {1045-1048},
  publisher = {ISCA},
  timestamp = {2015-06-21T06:10:05.000+0200},
  title = {Recurrent neural network based language model.},
  url = {http://dblp.uni-trier.de/db/conf/interspeech/interspeech2010.html#MikolovKBCK10},
  year = 2010
}

@article{hochreiter1997,
 author = {Hochreiter, Sepp and Schmidhuber, J\"{u}rgen},
 title = {Long Short-Term Memory},
 journal = {Neural Comput.},
 issue_date = {November 15, 1997},
 volume = {9},
 number = {8},
 month = nov,
 year = {1997},
 issn = {0899-7667},
 pages = {1735--1780},
 numpages = {46},
 url = {http://dx.doi.org/10.1162/neco.1997.9.8.1735},
 doi = {10.1162/neco.1997.9.8.1735},
 acmid = {1246450},
 publisher = {MIT Press},
 address = {Cambridge, MA, USA},
}

@ARTICLE{werbos1990, 
author={P. J. Werbos}, 
journal={Proceedings of the IEEE}, 
title={Backpropagation through time: what it does and how to do it}, 
year={1990}, 
volume={78}, 
number={10}, 
pages={1550-1560}, 
keywords={identification;neural nets;pattern recognition;backpropagation;fault diagnosis;neural networks;pattern recognition;pseudocode;systems identification;Artificial neural networks;Backpropagation;Books;Control systems;Equations;Fluid dynamics;Neural networks;Pattern recognition;Power system modeling;Supervised learning}, 
doi={10.1109/5.58337}, 
ISSN={0018-9219}, 
month={Oct},}

@INPROCEEDINGS{gers2000, 
author={F. A. Gers and J. Schmidhuber and F. Cummins}, 
booktitle={1999 Ninth International Conference on Artificial Neural Networks ICANN 99. (Conf. Publ. No. 470)}, 
title={Learning to forget: continual prediction with LSTM}, 
year={1999}, 
volume={2}, 
number={}, 
pages={850-855 vol.2}, 
keywords={recurrent neural nets;adaptive forget gate;learning;long short-term memory;recurrent neural networks;resource allocation}, 
doi={10.1049/cp:19991218}, 
ISSN={0537-9989}, 
month={},}

@inproceedings{massetal2012,
title	= {Recurrent Neural Networks for Noise Reduction in Robust ASR},
author	= {Andrew Maas and Quoc V. Le and Tyler M. O’Neil and Oriol Vinyals and Patrick Nguyen and Andrew Y. Ng},
year	= {2012},
booktitle	= {INTERSPEECH}
}